/home/nathan/Dropbox/library.bib